%---------------------------------------------------------------------------%
%-                                                                         -%
%-                             Bibliography                                -%
%-                                                                         -%
%---------------------------------------------------------------------------%

@article{srivastava2018review,
  title={A review paper on cloud computing},
  author={Srivastava, Priyanshu and Khan, Rizwan},
  journal={International Journal of Advanced Research in Computer Science and Software Engineering},
  volume={8},
  number={6},
  pages={17--20},
  year={2018}
}

@inproceedings{herdrich2016cache,
  title={Cache QoS: From concept to reality in the Intel{\textregistered} Xeon{\textregistered} processor E5-2600 v3 product family},
  author={Herdrich, Andrew and Verplanke, Edwin and Autee, Priya and Illikkal, Ramesh and Gianos, Chris and Singhal, Ronak and Iyer, Ravi},
  booktitle={2016 IEEE International Symposium on High Performance Computer Architecture (HPCA)},
  pages={657--668},
  year={2016},
  organization={IEEE}
}

@article{sigelman2010dapper,
  title={Dapper, a large-scale distributed systems tracing infrastructure},
  author={Sigelman, Benjamin H and Barroso, Luiz Andr{\'e} and Burrows, Mike and Stephenson, Pat and Plakal, Manoj and Beaver, Donald and Jaspan, Saul and Shanbhag, Chandan},
  year={2010}
}

@inproceedings{zhang2013cpi2,
  title={CPI2: CPU performance isolation for shared compute clusters},
  author={Zhang, Xiao and Tune, Eric and Hagmann, Robert and Jnagal, Rohit and Gokhale, Vrigo and Wilkes, John},
  booktitle={Proceedings of the 8th ACM European Conference on Computer Systems},
  pages={379--391},
  year={2013}
}

@inproceedings{yi2020cpi,
  title={CPI for runtime performance measurement: The good, the bad, and the ugly},
  author={Yi, Li and Li, Cong and Guo, Jianmei},
  booktitle={2020 IEEE International Symposium on Workload Characterization (IISWC)},
  pages={106--113},
  year={2020},
  organization={IEEE}
}

@inproceedings{qiu2020firm,
  title={$\{$FIRM$\}$: An intelligent fine-grained resource management framework for $\{$SLO-Oriented$\}$ microservices},
  author={Qiu, Haoran and Banerjee, Subho S and Jha, Saurabh and Kalbarczyk, Zbigniew T and Iyer, Ravishankar K},
  booktitle={14th USENIX symposium on operating systems design and implementation (OSDI 20)},
  pages={805--825},
  year={2020}
}

@article{wu2020data,
  title={A data-characteristic-aware latent factor model for web services QoS prediction},
  author={Wu, Di and Luo, Xin and Shang, Mingsheng and He, Yi and Wang, Guoyin and Wu, Xindong},
  journal={IEEE Transactions on Knowledge and Data Engineering},
  volume={34},
  number={6},
  pages={2525--2538},
  year={2020},
  publisher={IEEE}
}

@inproceedings{hadary2020protean,
  title={Protean:$\{$VM$\}$ allocation service at scale},
  author={Hadary, Ori and Marshall, Luke and Menache, Ishai and Pan, Abhisek and Greeff, Esaias E and Dion, David and Dorminey, Star and Joshi, Shailesh and Chen, Yang and Russinovich, Mark and others},
  booktitle={14th USENIX Symposium on Operating Systems Design and Implementation (OSDI 20)},
  pages={845--861},
  year={2020}
}

@inproceedings{chen2019parties,
  title={Parties: Qos-aware resource partitioning for multiple interactive services},
  author={Chen, Shuang and Delimitrou, Christina and Mart{\'\i}nez, Jos{\'e} F},
  booktitle={Proceedings of the Twenty-Fourth International Conference on Architectural Support for Programming Languages and Operating Systems},
  pages={107--120},
  year={2019}
}

@article{stoica1995earliest,
  title={Earliest eligible virtual deadline first: A flexible and accurate mechanism for proportional share resource allocation},
  author={Stoica, Ion and Abdel-Wahab, Hussein},
  journal={Old Dominion Univ., Norfolk, VA, Tech. Rep. TR-95-22},
  year={1995}
}

@inproceedings{gottschlag2020avx,
  title={AVX overhead profiling: how much does your fast code slow you down?},
  author={Gottschlag, Mathias and Schmidt, Tim and Bellosa, Frank},
  booktitle={Proceedings of the 11th ACM SIGOPS Asia-Pacific Workshop on Systems},
  pages={59--66},
  year={2020}
}

@inproceedings{yang2016elfen,
  title={Elfen Scheduling:$\{$Fine-Grain$\}$ Principled Borrowing from $\{$Latency-Critical$\}$ Workloads Using Simultaneous Multithreading},
  author={Yang, Xi and Blackburn, Stephen M and McKinley, Kathryn S},
  booktitle={2016 USENIX Annual Technical Conference (USENIX ATC 16)},
  pages={309--322},
  year={2016}
}

@inproceedings{gottschlag2021fair,
  title={Fair Scheduling for $\{$AVX2$\}$ and $\{$AVX-512$\}$ Workloads},
  author={Gottschlag, Mathias and Machauer, Philipp and Khalil, Yussuf and Bellosa, Frank},
  booktitle={2021 USENIX Annual Technical Conference (USENIX ATC 21)},
  pages={745--758},
  year={2021}
}

@inproceedings{fried2020caladan,
  title={Caladan: Mitigating interference at microsecond timescales},
  author={Fried, Joshua and Ruan, Zhenyuan and Ousterhout, Amy and Belay, Adam},
  booktitle={14th USENIX Symposium on Operating Systems Design and Implementation (OSDI 20)},
  pages={281--297},
  year={2020}
}

@inproceedings{humphries2021ghost,
  title={ghost: Fast \& flexible user-space delegation of linux scheduling},
  author={Humphries, Jack Tigar and Natu, Neel and Chaugule, Ashwin and Weisse, Ofir and Rhoden, Barret and Don, Josh and Rizzo, Luigi and Rombakh, Oleg and Turner, Paul and Kozyrakis, Christos},
  booktitle={Proceedings of the ACM SIGOPS 28th Symposium on Operating Systems Principles},
  pages={588--604},
  year={2021}
}

@inproceedings{ousterhout2019shenango,
  title={Shenango: Achieving high $\{$CPU$\}$ efficiency for latency-sensitive datacenter workloads},
  author={Ousterhout, Amy and Fried, Joshua and Behrens, Jonathan and Belay, Adam and Balakrishnan, Hari},
  booktitle={16th USENIX Symposium on Networked Systems Design and Implementation (NSDI 19)},
  pages={361--378},
  year={2019}
}

@inproceedings{prekas2017zygos,
  title={Zygos: Achieving low tail latency for microsecond-scale networked tasks},
  author={Prekas, George and Kogias, Marios and Bugnion, Edouard},
  booktitle={Proceedings of the 26th Symposium on Operating Systems Principles},
  pages={325--341},
  year={2017}
}

@article{delimitrou2013paragon,
  title={Paragon: QoS-aware scheduling for heterogeneous datacenters},
  author={Delimitrou, Christina and Kozyrakis, Christos},
  journal={ACM SIGPLAN Notices},
  volume={48},
  number={4},
  pages={77--88},
  year={2013},
  publisher={ACM New York, NY, USA}
}

@article{delimitrou2014quasar,
  title={Quasar: Resource-efficient and qos-aware cluster management},
  author={Delimitrou, Christina and Kozyrakis, Christos},
  journal={ACM SIGPLAN Notices},
  volume={49},
  number={4},
  pages={127--144},
  year={2014},
  publisher={ACM New York, NY, USA}
}

@inproceedings{lo2015heracles,
  title={Heracles: Improving resource efficiency at scale},
  author={Lo, David and Cheng, Liqun and Govindaraju, Rama and Ranganathan, Parthasarathy and Kozyrakis, Christos},
  booktitle={Proceedings of the 42nd Annual International Symposium on Computer Architecture},
  pages={450--462},
  year={2015}
}

@inproceedings{patel2020clite,
  title={Clite: Efficient and qos-aware co-location of multiple latency-critical jobs for warehouse scale computers},
  author={Patel, Tirthak and Tiwari, Devesh},
  booktitle={2020 IEEE International Symposium on High Performance Computer Architecture (HPCA)},
  pages={193--206},
  year={2020},
  organization={IEEE}
}

@inproceedings{zhou2022aquatope,
  title={Aquatope: Qos-and-uncertainty-aware resource management for multi-stage serverless workflows},
  author={Zhou, Zhuangzhuang and Zhang, Yanqi and Delimitrou, Christina},
  booktitle={Proceedings of the 28th ACM International Conference on Architectural Support for Programming Languages and Operating Systems, Volume 1},
  pages={1--14},
  year={2022}
}

@inproceedings{xiang2023godel,
  title={G{\"o}del: Unified Large-Scale Resource Management and Scheduling at ByteDance},
  author={Xiang, Wu and Li, Yakun and Ren, Yuquan and Jiang, Fan and Xin, Chaohui and Gupta, Varun and Xiang, Chao and Song, Xinyi and Liu, Meng and Li, Bing and others},
  booktitle={Proceedings of the 2023 ACM Symposium on Cloud Computing},
  pages={308--323},
  year={2023}
}

@inproceedings{zhang2022crisp,
  title={$\{$CRISP$\}$: Critical Path Analysis of $\{$Large-Scale$\}$ Microservice Architectures},
  author={Zhang, Zhizhou and Ramanathan, Murali Krishna and Raj, Prithvi and Parwal, Abhishek and Sherwood, Timothy and Chabbi, Milind},
  booktitle={2022 USENIX Annual Technical Conference (USENIX ATC 22)},
  pages={655--672},
  year={2022}
}

@inproceedings{wang2022deepscaling,
  title={DeepScaling: microservices autoscaling for stable CPU utilization in large scale cloud systems},
  author={Wang, Ziliang and Zhu, Shiyi and Li, Jianguo and Jiang, Wei and Ramakrishnan, KK and Zheng, Yangfei and Yan, Meng and Zhang, Xiaohong and Liu, Alex X},
  booktitle={Proceedings of the 13th Symposium on Cloud Computing},
  pages={16--30},
  year={2022}
}

@inproceedings{tang2022demeter,
  title={Demeter: QoS-aware CPU scheduling to reduce power consumption of multiple black-box workloads},
  author={Tang, Wenda and Ke, Yutao and Fu, Senbo and Jiang, Hongliang and Wu, Junjie and Peng, Qian and Gao, Feng},
  booktitle={Proceedings of the 13th Symposium on Cloud Computing},
  pages={31--46},
  year={2022}
}

@article{zheng2020web,
  title={Web service QoS prediction via collaborative filtering: A survey},
  author={Zheng, Zibin and Li, Xiaoli and Tang, Mingdong and Xie, Fenfang and Lyu, Michael R},
  journal={IEEE Transactions on Services Computing},
  volume={15},
  number={4},
  pages={2455--2472},
  year={2020},
  publisher={IEEE}
}

@article{ghafouri2020survey,
  title={A survey on web service QoS prediction methods},
  author={Ghafouri, Seyyed Hamid and Hashemi, Seyyed Mohsen and Hung, Patrick CK},
  journal={IEEE Transactions on Services Computing},
  volume={15},
  number={4},
  pages={2439--2454},
  year={2020},
  publisher={IEEE}
}

@article{wu2019posterior,
  title={A posterior-neighborhood-regularized latent factor model for highly accurate web service QoS prediction},
  author={Wu, Di and He, Qiang and Luo, Xin and Shang, Mingsheng and He, Yi and Wang, Guoyin},
  journal={IEEE Transactions on Services Computing},
  volume={15},
  number={2},
  pages={793--805},
  year={2019},
  publisher={IEEE}
}

@inproceedings{newell2021ras,
  title={RAS: continuously optimized region-wide datacenter resource allocation},
  author={Newell, Andrew and Skarlatos, Dimitrios and Fan, Jingyuan and Kumar, Pavan and Khutornenko, Maxim and Pundir, Mayank and Zhang, Yirui and Zhang, Mingjun and Liu, Yuanlai and Le, Linh and others},
  booktitle={Proceedings of the ACM SIGOPS 28th Symposium on Operating Systems Principles},
  pages={505--520},
  year={2021}
}

@inproceedings{gan2021sage,
  title={Sage: practical and scalable ML-driven performance debugging in microservices},
  author={Gan, Yu and Liang, Mingyu and Dev, Sundar and Lo, David and Delimitrou, Christina},
  booktitle={Proceedings of the 26th ACM International Conference on Architectural Support for Programming Languages and Operating Systems},
  pages={135--151},
  year={2021}
}

@inproceedings{fu2021qos,
  title={Qos-aware and resource efficient microservice deployment in cloud-edge continuum},
  author={Fu, Kaihua and Zhang, Wei and Chen, Quan and Zeng, Deze and Peng, Xin and Zheng, Wenli and Guo, Minyi},
  booktitle={2021 IEEE International Parallel and Distributed Processing Symposium (IPDPS)},
  pages={932--941},
  year={2021},
  organization={IEEE}
}


%---------------------------------------------------------------------------%
